<?xml version="1.0" encoding="UTF-8"?><collection xmlns="http://www.loc.gov/MARC21/slim"><record><leader>00611nam--2200181-i-4500</leader><controlfield tag="001">000015125</controlfield><controlfield tag="002">20161230</controlfield><controlfield tag="005">20161230201031</controlfield><controlfield tag="008">060222s1000------------r-----000-0-eng-d</controlfield><datafield ind1=" " ind2=" " tag="040"><subfield code="a">IFIN-HH</subfield></datafield><datafield ind1=" " ind2=" " tag="080"><subfield code="a">533.6.071.8(061.3)</subfield></datafield><datafield ind1="1" ind2=" " tag="100"><subfield code="a">Bershader, Daniel</subfield></datafield><datafield ind1="1" ind2="0" tag="245"><subfield code="a">Recent developments in shock tube research</subfield><subfield code="b">Proceedings of the ninth international shoock tube symposium stanford university, 1973</subfield><subfield code="c">Daniel Bershader, Wayland Griffith</subfield></datafield><datafield ind1=" " ind2=" " tag="260"><subfield code="a">Stanford, Stanford University Press, 1973</subfield></datafield><datafield ind1=" " ind2=" " tag="300"><subfield code="a">XV + 830 P</subfield></datafield><datafield ind1=" " ind2=" " tag="700"><subfield code="a">Griffith, Wayland</subfield></datafield><datafield ind1=" " ind2=" " tag="852"><subfield code="a">77243</subfield><subfield code="c">533.6</subfield></datafield><datafield ind1=" " ind2=" " tag="CAT"><subfield code="a">Sys</subfield><subfield code="c">20100914</subfield><subfield code="h">125016</subfield></datafield></record></collection>